<?xml version="1.0" encoding="UTF-8"?><collection xmlns="http://www.loc.gov/MARC21/slim"><record><leader>00530nam--2200193-u-4500</leader><controlfield tag="001">000052727</controlfield><controlfield tag="002">20161230</controlfield><controlfield tag="005">20161230201050</controlfield><controlfield tag="008">101007s1000------------r-----000-0-eng-d</controlfield><datafield ind1=" " ind2=" " tag="040"><subfield code="a">IFIN-HH</subfield></datafield><datafield ind1=" " ind2=" " tag="080"><subfield code="a">534(082.1)</subfield></datafield><datafield ind1="1" ind2=" " tag="100"><subfield code="a">Masson, Warren P</subfield></datafield><datafield ind1="1" ind2="0" tag="245"><subfield code="a">Physical Acoustics</subfield><subfield code="b">Principles and Methods</subfield><subfield code="c">Warren P. Mason, R.N. Thurston (Eds.)</subfield></datafield><datafield ind1=" " ind2=" " tag="260"><subfield code="a">London</subfield><subfield code="b">Academic Press</subfield></datafield><datafield ind1=" " ind2=" " tag="300"><subfield code="a">2 volume</subfield></datafield><datafield ind1="1" ind2=" " tag="700"><subfield code="a">Thutston, R.N</subfield></datafield><datafield ind1="1" ind2=" " tag="787"><subfield code="a">Volume XII</subfield><subfield code="d">393 p</subfield><subfield code="h">1976</subfield></datafield><datafield ind1=" " ind2=" " tag="852"><subfield code="a">22103</subfield><subfield code="c">534</subfield></datafield><datafield ind1=" " ind2=" " tag="CAT"><subfield code="a">Sys</subfield><subfield code="c">20101007</subfield><subfield code="h">120154</subfield></datafield></record></collection>